<?xml version="1.0" encoding="UTF-8"?><collection xmlns="http://www.loc.gov/MARC21/slim"><record><leader>00400nam--2200133-i-4500</leader><controlfield tag="001">000035470</controlfield><controlfield tag="002">20161230</controlfield><controlfield tag="005">20161230201040</controlfield><controlfield tag="008">060222s1000------------r-----000-0-eng-d</controlfield><datafield ind1=" " ind2=" " tag="080"><subfield code="a">621.039.51</subfield></datafield><datafield ind1=" " ind2=" " tag="100"><subfield code="a">Natelson, Michael</subfield></datafield><datafield ind1=" " ind2=" " tag="245"><subfield code="a">An analysis of space and energy effects in reactor fluctuation experiments.thesis</subfield></datafield><datafield ind1=" " ind2=" " tag="260"><subfield code="a">Ann Arbor, University Microfilms, Inc. 1965. Iv + 98p</subfield></datafield><datafield ind1=" " ind2=" " tag="852"><subfield code="a">29186</subfield></datafield></record></collection>